<?xml version="1.0" encoding="UTF-8" ?><marc:collection xmlns:marc="http://www.loc.gov/MARC21/slim" xmlns:xsi="http://www.w3.org/2001/XMLSchema-instance" xsi:schemaLocation="http://www.loc.gov/MARC21/slim http://www.loc.gov/standards/marcxml/schema/MARC21slim.xsd">
<marc:record><marc:leader>02749cam a2200433Mi 4500</marc:leader>
<marc:controlfield tag="001">b12231459</marc:controlfield>
<marc:controlfield tag="003">UaCaAUL</marc:controlfield><marc:controlfield tag="005">20170313125118.0</marc:controlfield><marc:controlfield tag="008">940901nuuuuuuuuua            000 0 ara d</marc:controlfield><marc:datafield tag="035" ind1=" " ind2=" "><marc:subfield code="a">(OCoLC)31263888</marc:subfield><marc:subfield code="z">(OCoLC)43796774</marc:subfield></marc:datafield><marc:datafield tag="040" ind1=" " ind2=" "><marc:subfield code="a">RBN</marc:subfield><marc:subfield code="b">eng</marc:subfield><marc:subfield code="e">rda</marc:subfield><marc:subfield code="c">RBN</marc:subfield><marc:subfield code="d">OCLCQ</marc:subfield><marc:subfield code="d">OCLCG</marc:subfield><marc:subfield code="d">OCLCQ</marc:subfield><marc:subfield code="d">OCLCF</marc:subfield><marc:subfield code="d">OCLCO</marc:subfield><marc:subfield code="d">MEAUC</marc:subfield></marc:datafield><marc:datafield tag="049" ind1=" " ind2=" "><marc:subfield code="a">MAIN</marc:subfield></marc:datafield><marc:datafield tag="050" ind1=" " ind2="4"><marc:subfield code="a">BP161</marc:subfield><marc:subfield code="b">.B3x</marc:subfield></marc:datafield><marc:datafield tag="066" ind1=" " ind2=" "><marc:subfield code="c">(3</marc:subfield></marc:datafield><marc:datafield tag="090" ind1=" " ind2=" "><marc:subfield code="a">BP161</marc:subfield><marc:subfield code="b">.B3x</marc:subfield></marc:datafield><marc:datafield tag="100" ind1="1" ind2=" "><marc:subfield code="6">880-01</marc:subfield><marc:subfield code="a">Bannā, Ḥasan,</marc:subfield><marc:subfield code="d">1906-1949.</marc:subfield></marc:datafield><marc:datafield tag="245" ind1="1" ind2="3"><marc:subfield code="6">880-02</marc:subfield><marc:subfield code="a">al-Salām fī al-Islām wa-buḥūth ukhrá /</marc:subfield><marc:subfield code="c">Ḥasan al-Bannā.</marc:subfield></marc:datafield><marc:datafield tag="264" ind1=" " ind2="1"><marc:subfield code="6">880-03</marc:subfield><marc:subfield code="a">[Cairo] :</marc:subfield><marc:subfield code="b">Dār al-Fikr al-Islāmī,</marc:subfield><marc:subfield code="c">[date of publication not identified]</marc:subfield></marc:datafield><marc:datafield tag="300" ind1=" " ind2=" "><marc:subfield code="a">166 pages ;</marc:subfield><marc:subfield code="c">21 cm.</marc:subfield></marc:datafield><marc:datafield tag="336" ind1=" " ind2=" "><marc:subfield code="a">text</marc:subfield><marc:subfield code="b">txt</marc:subfield><marc:subfield code="2">rdacontent.</marc:subfield></marc:datafield><marc:datafield tag="337" ind1=" " ind2=" "><marc:subfield code="a">unmediated</marc:subfield><marc:subfield code="b">n</marc:subfield><marc:subfield code="2">rdamedia.</marc:subfield></marc:datafield><marc:datafield tag="338" ind1=" " ind2=" "><marc:subfield code="a">volume</marc:subfield><marc:subfield code="b">nc</marc:subfield><marc:subfield code="2">rdacarrier.</marc:subfield></marc:datafield><marc:datafield tag="500" ind1=" " ind2=" "><marc:subfield code="6">880-04</marc:subfield><marc:subfield code="a">At head of t.p.: Majmūʻat kitābāt al-imām al-shahīd Ḥasan al-Bannā.</marc:subfield></marc:datafield><marc:datafield tag="500" ind1=" " ind2=" "><marc:subfield code="6">880-05</marc:subfield><marc:subfield code="a">&quot;Fī hādhihi al-risālah: al-Salām fī al-Islām, &quot;Allāh&quot; fī al-ʻAqīdah al-Islāmīyah, Tafsīr Sūrat al-Fātiḥah wa-al-āyāt al-ūlá min Sūrat al-Baqarah.&quot;</marc:subfield></marc:datafield><marc:datafield tag="500" ind1=" " ind2=" "><marc:subfield code="6">880-06</marc:subfield><marc:subfield code="a">&quot;Ḥuqūq ṭabʻ hādhihi al-risālah, wa-baqīyat rasāʼil majmūʻat kitābāt al-imām al-shahīd Ḥasan al-Bannā maḥfūẓah bi-idhn khāṣṣ li-Dār al-Fikr al-Islāmī&quot;.--At the end of the book.</marc:subfield></marc:datafield><marc:datafield tag="650" ind1=" " ind2="0"><marc:subfield code="a">Peace</marc:subfield><marc:subfield code="x">Religious aspects</marc:subfield><marc:subfield code="x">Islam.</marc:subfield></marc:datafield><marc:datafield tag="630" ind1="0" ind2="0"><marc:subfield code="a">Qurʼan.</marc:subfield><marc:subfield code="p">Sūrat al-Fātiḥah</marc:subfield><marc:subfield code="x">Criticism, interpretation, etc.</marc:subfield></marc:datafield><marc:datafield tag="630" ind1="0" ind2="0"><marc:subfield code="a">Qurʼan.</marc:subfield><marc:subfield code="p">Sūrat al-Baqarah</marc:subfield><marc:subfield code="x">Criticism, interpretation, etc.</marc:subfield></marc:datafield><marc:datafield tag="776" ind1="0" ind2="8"><marc:subfield code="i">Online version:</marc:subfield><marc:subfield code="a">Bannā, Ḥasan, 1906-1949.</marc:subfield><marc:subfield code="t">Salām fī al-Islām wa-buḥūth ukhrá</marc:subfield><marc:subfield code="d">Al-Qāhirah : Dār al-Fikr al-Islāmī, [195-?]</marc:subfield><marc:subfield code="w">(OCoLC)902982950.</marc:subfield></marc:datafield><marc:datafield tag="880" ind1="1" ind2=" "><marc:subfield code="6">100-01/(3/r</marc:subfield><marc:subfield code="a">بنا، حسن،</marc:subfield><marc:subfield code="d">1906-1949.</marc:subfield></marc:datafield><marc:datafield tag="880" ind1="1" ind2="2"><marc:subfield code="6">245-02/(3/r</marc:subfield><marc:subfield code="a">السلام في الإسلام وبحوث أخرى /</marc:subfield><marc:subfield code="c">حسن البنا..</marc:subfield></marc:datafield><marc:datafield tag="880" ind1=" " ind2="1"><marc:subfield code="6">264-03/(3/r</marc:subfield><marc:subfield code="a">[Cairo] :</marc:subfield><marc:subfield code="b">دار الفكر الإسلامي،</marc:subfield><marc:subfield code="c">[date of publication not identified]</marc:subfield></marc:datafield><marc:datafield tag="880" ind1=" " ind2=" "><marc:subfield code="6">500-04/(3/r</marc:subfield><marc:subfield code="a">At head of title.: مجموعة كتابات الإمام الشهيد حسن البنا..</marc:subfield></marc:datafield><marc:datafield tag="880" ind1=" " ind2=" "><marc:subfield code="6">500-05/(3/r</marc:subfield><marc:subfield code="a">&quot;في هذه الرساله: السلام في الإسلام، &quot;الله&quot; في العقيدة الإسلامية، تفسير سورة الفاتحة والآيات الأولى من سورة البقرة.&quot;.</marc:subfield></marc:datafield><marc:datafield tag="880" ind1=" " ind2=" "><marc:subfield code="6">500-06/(3/r</marc:subfield><marc:subfield code="a">&quot;حقوق طبع هذه الرسالة، وبقية رسائل مجموعة كتابات الإمام الشهيد حسن البنا محفوظة بإذن خاص لدار الفكر الإسلامى.&quot;At the end of the book.</marc:subfield></marc:datafield><marc:datafield tag="907" ind1=" " ind2=" "><marc:subfield code="a">.b12231459</marc:subfield><marc:subfield code="b">main </marc:subfield></marc:datafield><marc:datafield tag="902" ind1=" " ind2=" "><marc:subfield code="a">170405</marc:subfield></marc:datafield><marc:datafield tag="998" ind1=" " ind2=" "><marc:subfield code="b">1</marc:subfield><marc:subfield code="c">990415</marc:subfield><marc:subfield code="d">m</marc:subfield><marc:subfield code="e">a</marc:subfield><marc:subfield code="f">-</marc:subfield><marc:subfield code="g">3</marc:subfield><marc:subfield code="k">TA</marc:subfield></marc:datafield><marc:datafield tag="945" ind1=" " ind2=" "><marc:subfield code="l">main </marc:subfield></marc:datafield></marc:record>
</marc:collection>
